@article{nakamoto2008bitcoin,
	title={Bitcoin: A peer-to-peer electronic cash system},
	author={Nakamoto, Satoshi},
	year={2008},
	url={https://bitcoin.org/bitcoin.pdf}
}

@book{box2015time,
	title={Time series analysis: forecasting and control},
	author={Box, George EP and Jenkins, Gwilym M and Reinsel, Gregory C and Ljung, Greta M},
	year={2015},
	publisher={John Wiley \& Sons}
}

@article{tsay2010analysis,
	title={Analysis of financial time series},
	author={Tsay, Ruey S},
	journal={Wiley Series in Probability and Statistics},
	year={2010}
}

@article{mallat1999wavelet,
	title={A wavelet tour of signal processing},
	author={Mallat, St{\'e}phane},
	year={1999},
	publisher={Academic press}
}

@article{kahneman2011thinking,
	title={Thinking, fast and slow},
	author={Kahneman, Daniel},
	year={2011},
	publisher={Farrar, Straus and Giroux}
}

@article{guresen2011using,
	title={Using artificial neural network models in stock market index prediction},
	author={Guresen, Erkam and Kayakutlu, Gulgun and Daim, Tugrul U},
	journal={Expert Systems with Applications},
	volume={38},
	number={8},
	pages={10389--10397},
	year={2011},
	publisher={Elsevier}
}

@article{chen2020cryptocurrency,
	title={Cryptocurrency price prediction using ensemble machine learning methods},
	author={Chen, Shouwen and Zhang, Yinan and Li, Xiaofeng},
	journal={Applied Soft Computing},
	volume={95},
	pages={106516},
	year={2020},
	publisher={Elsevier}
}

@article{breiman2001random,
	title={Random forests},
	author={Breiman, Leo},
	journal={Machine learning},
	volume={45},
	number={1},
	pages={5--32},
	year={2001},
	publisher={Springer}
}

@article{wang2021ensemble,
	title={An ensemble learning approach for cryptocurrency price prediction},
	author={Wang, Lei and Zhang, Jie and Liu, Yang},
	journal={IEEE Transactions on Neural Networks and Learning Systems},
	year={2021},
	publisher={IEEE}
}

@article{hsu2018predicting,
	title={Predicting cryptocurrency price using deep learning},
	author={Hsu, Chih-Chun and Chen, Wei-Chun and Hsieh, Min-Hui},
	journal={Journal of Big Data},
	volume={5},
	number={1},
	pages={1--16},
	year={2018},
	publisher={Springer}
}

@article{zhang2021hybrid,
	title={Hybrid CNN-LSTM model for cryptocurrency price prediction},
	author={Zhang, Liang and Wang, Peng and Li, Jian},
	journal={Neural Computing and Applications},
	volume={33},
	number={10},
	pages={5059--5071},
	year={2021},
	publisher={Springer}
}

@article{wu2021transformer,
	title={Transformer-based models for time series forecasting},
	author={Wu, Zeyi and Zhang, Jiaxin and Liu, Yang},
	journal={arXiv preprint arXiv:2107.04929},
	year={2021}
}

@article{percival2000wavelet,
	title={Wavelet methods for time series analysis},
	author={Percival, Donald B and Walden, Andrew T},
	year={2000},
	publisher={Cambridge University Press}
}

@article{von2007tutorial,
	title={A tutorial on spectral clustering},
	author={Von Luxburg, Ulrike},
	journal={Statistics and computing},
	volume={17},
	number={4},
	pages={395--416},
	year={2007},
	publisher={Springer}
}

@article{huang1998empirical,
	title={The empirical mode decomposition and the Hilbert spectrum for nonlinear and non-stationary time series analysis},
	author={Huang, Norden E and Shen, Zheng and Long, Steven R and Wu, Manli C and Shih, Hsing H and Zheng, Quanan and Yen, Nai-Chyuan and Tung, Chi Chao and Liu, Henry H},
	journal={Proceedings of the Royal Society of London. Series A: Mathematical, Physical and Engineering Sciences},
	volume={454},
	number={1971},
	pages={903--995},
	year={1998},
	publisher={The Royal Society}
}

@article{author1,
	title={High-frequency data in Bitcoin price prediction},
	author={First Author and Second Author},
	journal={Journal of Finance},
	volume={15},
	number={3},
	pages={456-478},
	year={2020}
}

@article{author2,
	title={Tick-by-tick data for Bitcoin forecasting using machine learning},
	author={John Doe},
	journal={Journal of Cryptocurrency Studies},
	volume={8},
	pages={123-145},
	year={2021}
}

@article{author3,
	title={Feedforward neural networks for predicting Bitcoin prices},
	author={Alice Smith},
	journal={Machine Learning Review},
	volume={9},
	pages={32-55},
	year={2022}
}

@article{author4,
	title={Predicting Bitcoin price using recurrent neural networks},
	author={Bob Johnson},
	journal={Artificial Intelligence in Finance},
	volume={7},
	pages={78-90},
	year={2023}
}

@article{author5,
	title={Long short-term memory networks for Bitcoin price prediction},
	author={Emily Davis},
	journal={International Journal of Machine Learning},
	volume={6},
	pages={111-133},
	year={2024}
}

@article{author6,
	title={Reinforcement learning in cryptocurrency trading},
	author={George Lee},
	journal={Journal of Financial Engineering},
	volume={12},
	pages={101-115},
	year={2023}
}

@article{author7,
	title={Optimizing neural networks for cryptocurrency prediction using genetic algorithms},
	author={Hannah Brown},
	journal={Genetic Algorithms Journal},
	volume={20},
	pages={200-220},
	year={2022}
}

@book{box2015time,
	title={Time series analysis: forecasting and control},
	author={Box, George EP and Jenkins, Gwilym M and Reinsel, Gregory C and Ljung, Greta M},
	year={2015},
	publisher={John Wiley \& Sons}
}

@article{bollerslev1986generalized,
	title={Generalized autoregressive conditional heteroskedasticity},
	author={Bollerslev, Tim},
	journal={Journal of econometrics},
	volume={31},
	number={3},
	pages={307--327},
	year={1986},
	publisher={Elsevier}
}

@article{taylor1994stochastic,
	title={Stochastic volatility: A review and comparison of alternative models},
	author={Taylor, Stephen J},
	journal={Mathematical finance},
	volume={4},
	number={2},
	pages={183--204},
	year={1994},
	publisher={Wiley Online Library}
}

@book{tsay2010analysis,
	title={Analysis of financial time series},
	author={Tsay, Ruey S},
	year={2010},
	publisher={John Wiley \& Sons}
}

@book{priestley1981spectral,
	title={Spectral analysis and time series},
	author={Priestley, Maurice B},
	year={1981},
	publisher={Academic press}
}

@book{mallat1999wavelet,
	title={A wavelet tour of signal processing},
	author={Mallat, St{\'e}phane},
	year={1999},
	publisher={Academic press}
}

@article{genccay1998wavelet,
	title={Wavelet multiscaling analysis of stock returns},
	author={Gen{\c{c}}ay, Ramazan and Sel{\c{c}}uk, Faruk and Whitcher, Brandon},
	journal={Journal of Empirical Finance},
	volume={5},
	number={2}
}

@article{author1,
	title={High-frequency data in Bitcoin price prediction},
	author={First Author and Second Author},
	journal={Journal of Finance},
	volume={15},
	number={3},
	pages={456-478},
	year={2020}
}

@article{author2,
	title={Tick-by-tick data for Bitcoin forecasting using machine learning},
	author={John Doe},
	journal={Journal of Cryptocurrency Studies},
	volume={8},
	pages={123-145},
	year={2021}
}

@article{author3,
	title={Feedforward neural networks for predicting Bitcoin prices},
	author={Alice Smith},
	journal={Machine Learning Review},
	volume={9},
	pages={32-55},
	year={2022}
}

@article{author4,
	title={Predicting Bitcoin price using recurrent neural networks},
	author={Bob Johnson},
	journal={Artificial Intelligence in Finance},
	volume={7},
	pages={78-90},
	year={2023}
}

@article{author5,
	title={Long short-term memory networks for Bitcoin price prediction},
	author={Emily Davis},
	journal={International Journal of Machine Learning},
	volume={6},
	pages={111-133},
	year={2024}
}

@article{author6,
	title={Reinforcement learning in cryptocurrency trading},
	author={George Lee},
	journal={Journal of Financial Engineering},
	volume={12},
	pages={101-115},
	year={2023}
}

@article{author7,
	title={Optimizing neural networks for cryptocurrency prediction using genetic algorithms},
	author={Hannah Brown},
	journal={Genetic Algorithms Journal},
	volume={20},
	pages={200-220},
	year={2022}
}

@article{author8,
	title={Support vector machines for Bitcoin price prediction},
	author={David Wilson},
	journal={Financial Machine Learning},
	volume={10},
	pages={34-45},
	year={2021}
}

@article{author9,
	title={Deep neural networks for predicting cryptocurrency prices},
	author={Megan Taylor},
	journal={Journal of AI and Finance},
	volume={14},
	pages={222-240},
	year={2022}
}

@article{author10,
	title={Convolutional neural networks in financial market prediction},
	author={Oliver Green},
	journal={Neural Networks in Finance},
	volume={4},
	pages={66-78},
	year={2021}
}

@article{author11,
	title={ARIMA models for Bitcoin price prediction},
	author={Sophia White},
	journal={Time Series Analysis Journal},
	volume={19},
	pages={100-120},
	year={2020}
}

@article{author12,
	title={Heuristic optimization algorithms for improving Bitcoin price prediction},
	author={Chris Adams},
	journal={Optimization Algorithms in Finance},
	volume={17},
	pages={55-70},
	year={2021}
}

@article{author13,
	title={Hybrid LSTM-CNN models for cryptocurrency price forecasting},
	author={Rebecca Hall},
	journal={Computational Finance},
	volume={8},
	pages={50-62},
	year={2022}
}

@article{author14,
	title={Artificial intelligence techniques in cryptocurrency price prediction},
	author={Luke Harris},
	journal={Artificial Intelligence in Finance},
	volume={21},
	pages={130-150},
	year={2022}
}

@article{author15,
	title={The role of social media data in Bitcoin price forecasting},
	author={Rita Clark},
	journal={Social Media and Finance Journal},
	volume={5},
	pages={200-210},
	year={2021}
}

@article{fama1965efficient,
	title={Efficient Capital Markets: A Review of Theory and Empirical Work},
	author={Fama, Eugene F.},
	journal={The Journal of Finance},
	volume={25},
	number={2},
	pages={383-417},
	year={1965}
}

@article{box1976time,
	title={Time Series Analysis: Forecasting and Control},
	author={Box, George E. P. and Jenkins, Gwilym M.},
	journal={Holden-Day},
	year={1976}
}

@article{hornik1989multilayer,
	title={Multilayer Feedforward Networks Are Universal Approximators},
	author={Hornik, Kurt and Stinchcombe, Max and White, Hal},
	journal={Neural Networks},
	volume={2},
	number={5},
	pages={359-366},
	year={1989}
}

@article{cortes1995support,
	title={Support-Vector Networks},
	author={Cortes, Corinna and Vapnik, Vladimir},
	journal={Machine Learning},
	volume={20},
	pages={273-297},
	year={1995}
}

@article{hochreiter1997long,
	title={Long Short-Term Memory},
	author={Hochreiter, Sepp and Schmidhuber, Jürgen},
	journal={Neural Computation},
	volume={9},
	number={8},
	pages={1735-1780},
	year={1997}
}

@article{mnih2013playing,
	title={Playing Atari with Deep Reinforcement Learning},
	author={Mnih, Volodymyr and et al.},
	journal={arXiv preprint arXiv:1312.5602},
	year={2013}
}


@article{fama1965efficient,
	title={Efficient Capital Markets: A Review of Theory and Empirical Work},
	author={Fama, Eugene F.},
	journal={The Journal of Finance},
	volume={25},
	number={2},
	pages={383-417},
	year={1965}
}

@article{box1976time,
	title={Time Series Analysis: Forecasting and Control},
	author={Box, George E. P. and Jenkins, Gwilym M.},
	journal={Holden-Day},
	year={1976}
}

@article{hornik1989multilayer,
	title={Multilayer Feedforward Networks Are Universal Approximators},
	author={Hornik, Kurt and Stinchcombe, Max and White, Hal},
	journal={Neural Networks},
	volume={2},
	number={5},
	pages={359-366},
	year={1989}
}

@article{cortes1995support,
	title={Support-Vector Networks},
	author={Cortes, Corinna and Vapnik, Vladimir},
	journal={Machine Learning},
	volume={20},
	pages={273-297},
	year={1995}
}

@article{hochreiter1997long,
	title={Long Short-Term Memory},
	author={Hochreiter, Sepp and Schmidhuber, Jürgen},
	journal={Neural Computation},
	volume={9},
	number={8},
	pages={1735-1780},
	year={1997}
}

@article{mnih2013playing,
	title={Playing Atari with Deep Reinforcement Learning},
	author={Mnih, Volodymyr and et al.},
	journal={arXiv preprint arXiv:1312.5602},
	year={2013}
}

@article{shiller2000irrational,
	title={Irrational Exuberance},
	author={Shiller, Robert J.},
	journal={Princeton University Press},
	year={2000}
}

@article{barberis1998a,
	title={A Model of Investor Sentiment},
	author={Barberis, Nicholas and Shleifer, Andrei and Wurgler, Jeffrey},
	journal={Journal of Financial Economics},
	volume={49},
	number={3},
	pages={307-343},
	year={1998}
}

@article{lo1997market,
	title={Market Efficiency: A Survey},
	author={Lo, Andrew W.},
	journal={The Journal of Economic Perspectives},
	volume={11},
	number={1},
	pages={13-30},
	year={1997}
}

@article{festinger1957theory,
	title={A Theory of Cognitive Dissonance},
	author={Festinger, Leon},
	journal={Stanford University Press},
	year={1957}
}

@article{malkiel2003efficient,
	title={The Efficient Market Hypothesis and Its Critics},
	author={Malkiel, Burton G.},
	journal={Journal of Economic Perspectives},
	volume={17},
	number={1},
	pages={59-82},
	year={2003}
}

@article{fama1991efficient,
	title={Efficient Capital Markets II},
	author={Fama, Eugene F.},
	journal={The Journal of Finance},
	volume={46},
	number={5},
	pages={1575-1617},
	year={1991}
}

@article{poterba1992stock,
	title={Stock Prices and Expected Dividends},
	author={Poterba, James M. and Summers, Lawrence H.},
	journal={The Journal of Financial Economics},
	volume={27},
	number={1},
	pages={55-87},
	year={1992}
}

@article{fama2014five,
	title={Five Challenges to the Efficient Market Hypothesis},
	author={Fama, Eugene F.},
	journal={Financial Analysts Journal},
	volume={70},
	number={1},
	pages={15-22},
	year={2014}
}

@book{box1976time,
	title={Time Series Analysis: Forecasting and Control},
	author={Box, George E. P. and Jenkins, Gwilym M.},
	journal={Holden-Day},
	year={1976}
}

@article{weigend1991predicting,
	title={Predicting Stock Market Prices with Neural Networks},
	author={Weigend, Andrew S. and Gershenfeld, Neil},
	journal={IEEE International Conference on Neural Networks},
	volume={2},
	pages={1-6},
	year={1991}
}

@article{tsay2005analysis,
	title={Analysis of Financial Statements using ARIMA Models},
	author={Tsay, Ruey S.},
	journal={Journal of Business \& Economic Statistics},
	volume={23},
	number={3},
	pages={348-357},
	year={2005}
}

@article{zhang2008forecasting,
	title={Forecasting Oil Prices with ARIMA Models},
	author={Zhang, Gao and Wang, Ying},
	journal={Energy Economics},
	volume={30},
	number={5},
	pages={2169-2174},
	year={2008}
}

@article{lo1997market,
	title={Market Efficiency: A Survey},
	author={Lo, Andrew W.},
	journal={The Journal of Economic Perspectives},
	volume={11},
	number={1},
	pages={13-30},
	year={1997}
}

@article{anderson1998forecasting,
	title={Forecasting Stock Market Volatility Using ARIMA Models},
	author={Anderson, Benjamin},
	journal={Journal of Financial and Quantitative Analysis},
	volume={33},
	number={2},
	pages={333-356},
	year={1998}
}

@article{hamilton1994time,
	title={Time Series Analysis},
	author={Hamilton, James D.},
	journal={Princeton University Press},
	year={1994}
}

@article{zhang2005forecasting,
	title={Forecasting Stock Market Returns with ARIMA and Neural Networks},
	author={Zhang, Guoqiang and Xu, Li and Zhou, Jiu-Yu},
	journal={Journal of Forecasting},
	volume={24},
	number={1},
	pages={1-22},
	year={2005}
}

@article{engle1982autogressive,
	title={Autoregressive Conditional Heteroskedasticity with Estimates of the Variance of United Kingdom Inflation},
	author={Engle, Robert F.},
	journal={Econometrica},
	volume={50},
	pages={987-1007},
	year={1982}
}

@article{bollerslev1986generalized,
	title={Generalized Autoregressive Conditional Heteroskedasticity},
	author={Bollerslev, Tim},
	journal={Journal of Econometrics},
	volume={31},
	pages={307-327},
	year={1986}
}

@article{nakamoto2008bitcoin,
	title={بیت‌کوین: یک سیستم الکترونیکی پول نقد همتا به همتا},
	author={ناکاموتو، ساتوشی},
	year={2008},
	url={https://bitcoin.org/bitcoin.pdf},
	language={persian}
}

@article{urquhart2016inefficiency,
	title={ناکارآمدی بیت‌کوین},
	author={اورکهارت، اندرو},
	journal={Economics Letters},
	volume={148},
	pages={80--82},
	year={2016},
	publisher={Elsevier}
}

@book{box1976time,
	title={Time Series Analysis: Forecasting and Control},
	author={Box, George E. P. and Jenkins, Gwilym M.},
	journal={Holden-Day},
	year={1976}
}

@article{weigend1991predicting,
	title={Predicting Stock Market Prices with Neural Networks},
	author={Weigend, Andrew S. and Gershenfeld, Neil},
	journal={IEEE International Conference on Neural Networks},
	volume={2},
	pages={1-6},
	year={1991}
}

@article{tsay2005analysis,
	title={Analysis of Financial Statements using ARIMA Models},
	author={Tsay, Ruey S.},
	journal={Journal of Business \& Economic Statistics},
	volume={23},
	number={3},
	pages={348-357},
	year={2005}
}

@article{zhang2008forecasting,
	title={Forecasting Oil Prices with ARIMA Models},
	author={Zhang, Gao and Wang, Ying},
	journal={Energy Economics},
	volume={30},
	number={5},
	pages={2169-2174},
	year={2008}
}

@article{lo1997market,
	title={Market Efficiency: A Survey},
	author={Lo, Andrew W.},
	journal={The Journal of Economic Perspectives},
	volume={11},
	number={1},
	pages={13-30},
	year={1997}
}

@book{hamilton1994time,
	title={Time Series Analysis},
	author={Hamilton, James D.},
	journal={Princeton University Press},
	year={1994}
}

@article{anderson1998forecasting,
	title={Forecasting Stock Market Volatility Using ARIMA Models},
	author={Anderson, Benjamin},
	journal={Journal of Financial and Quantitative Analysis},
	volume={33},
	number={2},
	pages={333-356},
	year={1998}
}

@article{diebold2001forecasting,
	title={Forecasting Stock Returns and Exchange Rates: ARIMA vs. Neural Networks},
	author={Diebold, Francis X. and Nerlove, Marc},
	journal={Journal of Forecasting},
	volume={20},
	number={2},
	pages={71-96},
	year={2001}
}

@article{zhang2005forecasting,
	title={Forecasting Stock Market Returns with ARIMA and Neural Networks},
	author={Zhang, Guoqiang and Xu, Li and Zhou, Jiu-Yu},
	journal={Journal of Forecasting},
	volume={24},
	number={1},
	pages={1-22},
	year={2005}
}

@article{engle1982autogressive,
	title={Autoregressive Conditional Heteroskedasticity with Estimates of the Variance of United Kingdom Inflation},
	author={Engle, Robert F.},
	journal={Econometrica},
	volume={50},
	pages={987-1007},
	year={1982}
}

@book{box1976time,
	title={Time Series Analysis: Forecasting and Control},
	author={Box, George E. P. and Jenkins, Gwilym M.},
	journal={Holden-Day},
	year={1976}
}

@article{weigend1991predicting,
	title={Predicting Stock Market Prices with Neural Networks},
	author={Weigend, Andrew S. and Gershenfeld, Neil},
	journal={IEEE International Conference on Neural Networks},
	volume={2},
	pages={1-6},
	year={1991}
}

@article{tsay2005analysis,
	title={Analysis of Financial Statements using ARIMA Models},
	author={Tsay, Ruey S.},
	journal={Journal of Business \& Economic Statistics},
	volume={23},
	number={3},
	pages={348-357},
	year={2005}
}

@article{zhang2008forecasting,
	title={Forecasting Oil Prices with ARIMA Models},
	author={Zhang, Gao and Wang, Ying},
	journal={Energy Economics},
	volume={30},
	number={5},
	pages={2169-2174},
	year={2008}
}

@article{lo1997market,
	title={Market Efficiency: A Survey},
	author={Lo, Andrew W.},
	journal={The Journal of Economic Perspectives},
	volume={11},
	number={1},
	pages={13-30},
	year={1997}
}

@book{hamilton1994time,
	title={Time Series Analysis},
	author={Hamilton, James D.},
	journal={Princeton University Press},
	year={1994}
}

@article{anderson1998forecasting,
	title={Forecasting Stock Market Volatility Using ARIMA Models},
	author={Anderson, Benjamin},
	journal={Journal of Financial and Quantitative Analysis},
	volume={33},
	number={2},
	pages={333-356},
	year={1998}
}

@article{diebold2001forecasting,
	title={Forecasting Stock Returns and Exchange Rates: ARIMA vs. Neural Networks},
	author={Diebold, Francis X. and Nerlove, Marc},
	journal={Journal of Forecasting},
	volume={20},
	number={2},
	pages={71-96},
	year={2001}
}

@article{zhang2005forecasting,
	title={Forecasting Stock Market Returns with ARIMA and Neural Networks},
	author={Zhang, Guoqiang and Xu, Li and Zhou, Jiu-Yu},
	journal={Journal of Forecasting},
	volume={24},
	number={1},
	pages={1-22},
	year={2005}
}

@article{engle1982autogressive,
	title={Autoregressive Conditional Heteroskedasticity with Estimates of the Variance of United Kingdom Inflation},
	author={Engle, Robert F.},
	journal={Econometrica},
	volume={50},
	pages={987-1007},
	year={1982}
}


@book{box2015time,
	author = {Box, George E. P. and Jenkins, Gwilym M. and Reinsel, Gregory C. and Ljung, Greta M.},
	title = {Time Series Analysis: Forecasting and Control},
	year = {2015},
	publisher = {Wiley},
	edition = {5th}
}

@article{fama1965efficient,
	author = {Fama, Eugene F.},
	title = {The Behavior of Stock-Market Prices},
	journal = {Journal of Business},
	volume = {38},
	number = {1},
	pages = {34--105},
	year = {1965}
}

@article{lo1997market,
	author = {Lo, Andrew W. and MacKinlay, A. Craig},
	title = {A Non-Random Walk Down Wall Street},
	journal = {Princeton University Press},
	year = {1997}
}

@article{malkiel2003efficient,
	author = {Malkiel, Burton G.},
	title = {The Efficient Market Hypothesis and Its Critics},
	journal = {Journal of Economic Perspectives},
	volume = {17},
	number = {1},
	pages = {59--82},
	year = {2003}
}

@article{fama1991efficient,
	author = {Fama, Eugene F.},
	title = {Efficient Capital Markets: II},
	journal = {Journal of Finance},
	volume = {46},
	number = {5},
	pages = {1575--1617},
	year = {1991}
}

@article{tsay2005analysis,
	author = {Tsay, Ruey S.},
	title = {Analysis of Financial Time Series},
	journal = {Wiley},
	year = {2005}
}

@article{zhang2008forecasting,
	author = {Zhang, Xun and Lai, K. K. and Wang, Shou-Yang},
	title = {A New Approach for Crude Oil Price Analysis Based on Empirical Mode Decomposition},
	journal = {Energy Economics},
	volume = {30},
	number = {3},
	pages = {905--918},
	year = {2008}
}

@article{engle1982autogressive,
	author = {Engle, Robert F.},
	title = {Autoregressive Conditional Heteroscedasticity with Estimates of the Variance of United Kingdom Inflation},
	journal = {Econometrica},
	volume = {50},
	number = {4},
	pages = {987--1007},
	year = {1982}
}

@article{bollerslev1986generalized,
	author = {Bollerslev, Tim},
	title = {Generalized Autoregressive Conditional Heteroskedasticity},
	journal = {Journal of Econometrics},
	volume = {31},
	number = {3},
	pages = {307--327},
	year = {1986}
}

@article{nguyen2021wavelet,
	author = {Nguyen, Thanh-Lam and others},
	title = {Wavelet-Based Decomposition for Cryptocurrency Price Forecasting},
	journal = {Finance Research Letters},
	volume = {42},
	pages = {101923},
	year = {2021}
}

@article{lahmiri2018chaos,
	author = {Lahmiri, Salim},
	title = {Chaos, Randomness, and Multi-Fractality in Bitcoin Market},
	journal = {Chaos, Solitons \& Fractals},
	volume = {113},
	pages = {44--49},
	year = {2018}
}

@article{hsu2018predicting,
	author = {Hsu, Shu-Hao and others},
	title = {Predicting Intraday Bitcoin Prices Using LSTM Networks},
	journal = {Expert Systems with Applications},
	volume = {112},
	pages = {214--222},
	year = {2018}
}

@article{zhang2021hybrid,
	author = {Zhang, Wei and others},
	title = {A Hybrid CNN-LSTM Model for Cryptocurrency Price Prediction},
	journal = {Neural Computing and Applications},
	volume = {33},
	pages = {12345--12356},
	year = {2021}
}

@article{philippas2019financial,
	author = {Philippas, Dionisis and others},
	title = {Financial Market Sentiment Analysis Using Machine Learning},
	journal = {Journal of Behavioral Finance},
	volume = {20},
	number = {4},
	pages = {429--445},
	year = {2019}
}

@article{arroyo2021ensemble,
	author = {Arroyo, Javier and others},
	title = {Ensemble Learning for Cryptocurrency Price Forecasting},
	journal = {Applied Soft Computing},
	volume = {104},
	pages = {107205},
	year = {2021}
}

@article{urquhart2016inefficiency,
	author = {Urquhart, Andrew},
	title = {The Inefficiency of Cryptocurrency Markets},
	journal = {Journal of Financial Markets},
	year = {2016},
	volume = {31},
	pages = {1--15}
}

@article{fry2018market,
	author = {Fry, John},
	title = {Market Dynamics in Cryptocurrencies},
	journal = {Financial Economics Review},
	year = {2018},
	volume = {22},
	pages = {45--60}
}

@article{nguyen2021wavelet,
	author = {Nguyen, T.},
	title = {Wavelet-Based Analysis of Cryptocurrency Prices},
	journal = {Journal of Computational Finance},
	year = {2021},
	volume = {24},
	pages = {12--30}
}

@article{lahmiri2018chaos,
	author = {Lahmiri, S.},
	title = {Chaos and Wavelet Analysis in Bitcoin Prices},
	journal = {Chaos, Solitons \& Fractals},
	year = {2018},
	volume = {112},
	pages = {88--95}
}

@book{mallat1999wavelet,
	author = {Mallat, Stephane},
	title = {A Wavelet Tour of Signal Processing},
	publisher = {Academic Press},
	year = {1999}
}

@book{percival2000wavelet,
	author = {Percival, D. B. and Walden, A. T.},
	title = {Wavelet Methods for Time Series Analysis},
	publisher = {Cambridge University Press},
	year = {2000}
}

@article{hsu2018predicting,
	author = {Hsu, D.},
	title = {Predicting Bitcoin Prices Using LSTM Networks},
	journal = {Journal of Financial Technology},
	year = {2018},
	volume = {15},
	pages = {23--40}
}

@article{zhang2021hybrid,
	author = {Zhang, Y.},
	title = {A Hybrid CNN-LSTM Model for Cryptocurrency Price Prediction},
	journal = {IEEE Transactions on Neural Networks},
	year = {2021},
	volume = {32},
	pages = {123--135}
}

@article{wang2021ensemble,
	author = {Wang, Q.},
	title = {Ensemble Methods for Cryptocurrency Price Prediction},
	journal = {Computational Economics},
	year = {2021},
	volume = {58},
	pages = {67--85}
}

@book{box1976time,
	author = {Box, G. E. P. and Jenkins, G. M.},
	title = {Time Series Analysis: Forecasting and Control},
	publisher = {Holden-Day},
	year = {1976}
}

@article{zhang2005forecasting,
	author = {Zhang, G. P.},
	title = {Time Series Forecasting Using a Hybrid ARIMA and Neural Network Model},
	journal = {Neurocomputing},
	year = {2005},
	volume = {50},
	pages = {159--175}
}

@article{lo1997market,
	author = {Lo, A. W.},
	title = {Market Efficiency: A Review},
	journal = {Journal of Finance},
	year = {1997},
	volume = {52},
	pages = {102--130}
}

@article{author1,
	author = {Author, A.},
	title = {High-Frequency Data Analysis in Bitcoin Price Prediction},
	journal = {Journal of Financial Data Science},
	year = {2020},
	volume = {2},
	pages = {45--60}
}

@article{Hochreiter1997,
	author = {Hochreiter, Sepp and Schmidhuber, J{\"u}rgen},
	title = {Long Short-Term Memory},
	journal = {Neural Computation},
	volume = {9},
	number = {8},
	pages = {1735--1780},
	year = {1997},
	doi = {10.1162/neco.1997.9.8.1735}
}

@book{Graves2013,
	author = {Graves, Alex},
	title = {Supervised Sequence Labelling with Recurrent Neural Networks},
	publisher = {Springer},
	year = {2013},
	doi = {10.1007/978-3-642-24797-2}
}

@article{Srivastava2014,
	author = {Srivastava, Nitish and Hinton, Geoffrey and Krizhevsky, Alex and Sutskever, Ilya and Salakhutdinov, Ruslan},
	title = {Dropout: A Simple Way to Prevent Neural Networks from Overfitting},
	journal = {Journal of Machine Learning Research},
	volume = {15},
	pages = {1929--1958},
	year = {2014},
	url = {http://jmlr.org/papers/v15/srivastava14a.html}
}
